%%%%% article %%%%%
@article{oka1989,
	author	= "岡田 章",
	yomi	= "おかだあきら",
	title	= "非協力ゲーム理論の最近の展開",
	journal	= "オペレーションズ・リサーチ",
	volume	= "34",
	number	= "11",
	year	="1989"
}

@article {FOOMA09:sakai,
 author = "酒井昇 and 福岡美香",
 title = "加熱調理の制御を目指せ！～IH加熱における流れの可視化・低温調理シミュレーションを例として～",
 journal ="日本食品機械工業会アカデミックプラザ　研究発表要旨集",
 pages="221-223",
 year = "2009"
}

@article{ootakuro:20061218,
author="大田黒 滋樹 and 木下 雅史 and 中本 高道 and 長濱 雅彦 and 石田 多朗 and 大西 景太",
title="インタラクティブ嗅覚ディスプレイと香る料理体験コンテンツへの応用",
journal="電気学会研究会資料. CHS, ケミカルセンサ研究会",
ISSN="",
publisher="",
year="20061218",
volume="2006",
number="19",
pages="63-68",
URL="http://ci.nii.ac.jp/naid/10018460665/",
DOI="",
}

@article{yamakata:20051117,
author="山肩 洋子 and 正司 哲朗 and 角所 考 and 美濃 導彦",
title="アシスタントエージェントとの音声対話による調理コンテンツの自動生成",
journal="電子情報通信学会技術研究報告. MVE, マルチメディア・仮想環境基礎",
ISSN="09135685",
publisher="社団法人電子情報通信学会",
year="20051117",
volume="105",
number="433",
pages="55-60",
URL="http://ci.nii.ac.jp/naid/110004018618/",
DOI="",
}

@misc{Shiio:20061026,
author="椎尾 一郎 and 浜田 玲子 and 美馬 のゆり",
title="Kitchen of the Future : コンピュータ強化キッチンとその応用",
ISSN="02896540",
publisher="日本ソフトウェア科学会",
year="20061026",
volume="23",
number="4",
pages="36-46",
URL="http://ci.nii.ac.jp/naid/110004837722/",
DOI="",
}


@article{Nakauchi:20061105,
author="中内　靖",
title="調理作業の予測と支援",
journal="日本機械学會誌",
ISSN="00214728",
publisher="社団法人日本機械学会",
year="20061105",
volume="109",
number="1056",
pages="880-882",
URL="http://ci.nii.ac.jp/naid/110004857030/",
DOI="",
}

@article {oowada,
 author = "Shigeru,OWADA and Frank,NIELSEN and Makoto,OKABE and Takeo,IGARASHI",
 title = "Volumetric Illustration: Designing 3D Models with Internal Textures",
 journal = "Proceedings of ACM SIGGRAPH(SIGGRAPH2004)",
 pages = "322-328",
 year = "2004"
}


@article {cookingmama,
 author = "OFFICE and CREATE and published by TAITO Wii Licensed by NINTENDO",
 title = "Cooking Mamma:Cook Off - Simulation Game - Wii - 01487",
 journal ="RVL-P-RCCJ(JPN)",
 year = "2006"
}


@article{pixar,
author="Jun,Han,Cho and Athena,Xenakis and Stefan,Gronsky and Apurva,Shah",
title="Anyone Can Cook -Inside Ratatouille’s Kitchen",
journal="Siggraph 2007 Course 30",
ISSN="",
publisher="",
year="2007",
volume="",
number="",
pages="",
URL="",
DOI="",
}


@article{watanabe,
author="渡辺 学 and 三堀 友雄 and 酒井 昇",
title="炒め調理過程の伝熱モデル",
journal="日本食品工学会誌",
ISSN="13457942",
publisher="日本食品工学会",
year="2005",
volume="6-4",
number="",
pages="269-278",
URL="http://ci.nii.ac.jp/naid/40007080868/",
DOI="",
}


@article{kasai,
author="香西 みどり and 中村 文子 and 畑江 敬子 and 島田 淳子",
title="シミュレーションによるジャガイモの最適加熱時間に及ぼす形状の影響",
journal="日本調理科学会誌",
ISSN="13411535",
publisher="日本調理科学会",
year="19991120",
volume="32-4",
number="",
pages="296-303",
URL="http://ci.nii.ac.jp/naid/110001169978/",
DOI="",
}

@article{石渡09,
author="石渡 奈緒美 and 福岡 美香 and 松長 正見 and 西山 重幸 and 酒井 昇",
title="畜肉タンパク質の加熱変性制御による最適調理",
journal="日本食品工学会年次大会",
ISSN="",
publisher="日本食品工学会",
year="2009",
volume="",
number="",
pages="72",
URL="",
}

@article{梶谷08,
author="梶谷 志乃 and 福岡 美香 and 酒井 昇",
title="塩漬された豚肉におけるタンパク質の熱変性速度論",
journal="日本食品工学会年次大会",
ISSN="",
publisher="日本食品工学会",
year="2008",
volume="",
number="",
pages="97",
URL="",
}

@article{フォーラム09,
author="酒井　昇",
title="加熱物性と食品加熱・調理のシミュレーション",
journal="日本食品工学会春季講演会/フォーラム2009",
ISSN="",
publisher="日本食品工学会",
year="2009",
volume="食品工学と食品物性",
number="",
pages="1-8",
URL="",
}

@article{panavi,
author="生井みづき and 瓜生大輔 and 徳久　悟 and 柏樹　良 and 稲見昌彦 and 奥出直人",
title="panavi　～ センサ・アクチュエータ・無線通信機能を内蔵するフライパンを中心とした、料理スキルの習得を支援するシステム ～",
journal="電子情報通信学会　マルチメディア・仮想環境基礎研究会",
ISSN="",
publisher="",
year="2009",
volume="",
number="",
pages="",
URL="",
}


@article{舟橋09,
author="森井 敦士 and 舟橋 健司 and 山本 大介",
title="VR調理学習システムのための格子・粒子法による固体群操作モデル",
journal="日本バーチャルリアリティ学会2009年　大会論文抄録集",
ISSN="",
publisher="日本バーチャルリアリティ学会",
year="2009",
volume="",
number="",
pages="",
URL="",
}

%酒井先生の参考にした海外論文
%日本語訳　牛の筋肉の筋原繊維タンパク質の変性反応速度論
@article{WAGNER1985,
author="J. FL WAGNER and M. C. AhON",
title="Denaturation Kinetics of Myofibrillar Proteins in Bovine Muscle",
journal="Hournal of Food Science",
ISSN="",
publisher="",
year="1985",
volume="50",
number="",
pages="",
URL="",
}

@article{櫻井07,
author="櫻井 快勢(北陸先端大) and 白井 暁彦 and Goslin Fabien(ENSAM P＆I Lab) and 宮田 一乘(北陸先端大)",
title="クレープの表面形状のモデリング手法",
journal="エンタテインメントコンピューティング2007 年次大会論文抄録集",
ISSN="",
publisher="情報処理学会エンタテインメントコンピューティング研究会",
year="2007",
volume="",
number="",
pages="",
URL="",
}

@inproceedings{1280751,
 author = {Kaisei Sakurai and Akihiko Shirai and Fabien Goslin and Kazunori Miyata},
 title = {Baked crepe texture generation},
 booktitle = {SIGGRAPH '07: ACM SIGGRAPH 2007 posters},
 year = {2007},
 pages = {27},
 location = {San Diego, California},
 doi = {http://doi.acm.org/10.1145/1280720.1280751},
 publisher = {ACM},
 address = {New York, NY, USA},
 }
 
@misc{cookingmamajp,
author="オフィスクリエイト,タイトー,任天堂Wii",
title="クッキングママ みんなと一緒にお料理大会!",
year="2007",
}

@book{調理科学概論,
author="丸山悦子 and 山本友江",
title="調理科学概論",
publisher="朝倉書店",

volume="初版第1刷",
year="2005",
}


@book{理論と実際,
author="渋川祥子 and 杉山久仁子",
title="調理科学-その理論と実際-",
publisher="同文書院",

volume="初版第1刷",
year="2005",
}	

@book{食品加熱の科学,
author="渋川祥子",
title="食品加熱の科学",
publisher="朝倉書店",

volume="初版第1刷",
year="1996",
}

@book{調理科学,
author="調理科学研究会",
title="調理科学",
publisher="光生館",

volume="初版第1刷",
year="1984",
}

@book{食品と水の科学,
author="野口駿",
title="食品と水の科学",
publisher="幸書房",

volume="初版第１刷",
year="1992",
}

@book{伝熱工学の学び方,
author="西川兼康監修 and 北山直方",
title="図解　伝熱工学の学び方",
publisher="オーム社",

volume="2004",
year="初版第1刷",
}

@book{植物性食品Ⅱ,
author="下村道子 and 橋本慶子",
title="植物性食品Ⅱ",
publisher="朝倉書店",

series="調理科学講座",
volume="初版第1刷",
year="1993",
}

@book{調理学辞典,
author="日本調理科学会",
title="総合調理科学事典",
publisher="光生館",

volume="新版第1刷",
year="2006",
} 

@book{調理学,
author="金谷昭子",
title="食べ物と健康「調理学」",
publisher="医師薬出版株式会社",

volume="初版第2刷",
year="2005",
}

@inbook{yagawa1983,
author="矢川元基",
title="流れと熱伝導の有限要素法入門",
publisher="培風館",

series="有限要素法の基礎と応用シリーズ8",
volume="初版",
year="1983",
pages="19--23 103--109",
}

@inbook{idoh1997,
author="小林清志 and 飯田嘉宏",
title="新版　移動論",
publisher="朝倉書店",

volume="初版第11刷",
year="1997",
pages="3 61--63 68--69",
}


@misc{spr,
author="長谷川晶一 and 田崎勇一 and 大内政義 and 高津勝 and 三武裕玄 and 白井暁彦 and 岡田直樹 and 市川宙 and 赤羽克人 and 藤井伸晃 and 田上信一郎 and 三武裕玄 and 時崎崇 and 須佐育弥 and 松永昇悟 and 花岡優介 and 他",
title="SPRINGHEAD2",
note="http://springhead.info/",
}

@misc{yokan08,
author="加藤史洋 and 時崎崇 and 三武裕玄 and 青木孝文 and 長谷川昌一",
title="料理デザインのための食材加熱シミュレーション",
year="2008",
}

@article{cad08,
author="Fumihiro Kato and Mina Shiina and Takashi Tokizaki and Hironori Mitake and Takafumi Aoki and Shoichi Hasegawa",
title="Culinary art designer",
journal="International Conference on Computer Graphics and Interactive Techniques  archive
ACM SIGGRAPH 2008 posters",
ISSN="978-1-60558-466-9",
publisher="ACM",
year="2008",
volume="Virtual reality/augmented reality",
number="132",
pages="",
URL="http://portal.acm.org/citation.cfm?id=1400885.1401027&coll=GUIDE&dl=ACM&CFID=72031396&CFTOKEN=11511452",
}

@article{ec08,
author="加藤史洋 and 三武裕玄 and 青木孝文 and 長谷川昌一",
title="調理支援のためのインタラクティブ調理シミュレータ",
journal="エンタテインメントコンピューティング2008 年次大会論文抄録集",
ISSN="",
publisher="情報処理学会エンタテインメントコンピューティング研究会",
year="2008",
volume="",
number="",
pages="",
URL="",
}

@book{食品大辞典,
author="杉田浩一 and 田島眞 and 平宏和 and 安井明美",
title="日本食品大辞典",
publisher="医歯薬出版株式会社",
volume="第1版第1刷",
year="2003",
}