@book{gemsjp2012,
author = "{向井 智彦 ほか}",
title = "Computer Graphics Gems JP 2012 『Chapter 8：インバースキネマティクス』",
publisher = "ボーンデジタル",
year = "2012"
}

@inproceedings{pliantmotion,
 author = {Tokizaki, Takashi and Tazaki, Yuuichi and Mitake, Hironori and Hasegawa, Shoichi},
 title = {Pliant motion: integration of virtual trajectory control into LCP based physics engines},
 booktitle = {SIGGRAPH '09: Posters},
 series = {SIGGRAPH '09},
 year = {2009},
 location = {New Orleans, Louisiana},
 pages = {10:1--10:1},
 articleno = {10},
 numpages = {1},
 url = {http://doi.acm.org/10.1145/1599301.1599311},
 doi = {10.1145/1599301.1599311},
 acmid = {1599311},
 publisher = {ACM},
 address = {New York, NY, USA},
 keywords = {iterative LCP solver, physics simulation, virtual creature},
} 
